<record><leader>00000cas a22000007a 4500</leader><controlfield tag="001">8429699</controlfield><controlfield tag="008">820514d18501853ohuwr ne      0    0eng d</controlfield><datafield ind1=" " ind2=" " tag="010"><subfield code="a">sn 85025729 </subfield></datafield><datafield ind1=" " ind2=" " tag="040"><subfield code="a">NYG</subfield><subfield code="b">eng</subfield><subfield code="c">NYG</subfield><subfield code="d">NPX</subfield><subfield code="d">NPI</subfield><subfield code="d">NLG</subfield><subfield code="d">NVF</subfield><subfield code="d">OCL</subfield><subfield code="d">KRTAS</subfield><subfield code="d">OCLCQ</subfield><subfield code="d">OCLCF</subfield><subfield code="d">OCLCO</subfield></datafield><datafield ind1="1" ind2=" " tag="029"><subfield code="a">AU@</subfield><subfield code="b">000025823024</subfield></datafield><datafield ind1=" " ind2=" " tag="042"><subfield code="a">msc</subfield></datafield><datafield ind1=" " ind2=" " tag="092"><subfield code="a">421.4</subfield><subfield code="b">qT99</subfield></datafield><datafield ind1="0" ind2="0" tag="245"><subfield code="a">Wecli fonetic advocet.</subfield></datafield><datafield ind1="1" ind2="3" tag="246"><subfield code="a">Weekly phonetic advocate</subfield></datafield><datafield ind1=" " ind2=" " tag="260"><subfield code="a">Sinsinati [i.e. Cincinnati], Ohio :</subfield><subfield code="b">Longley &amp; Bro.</subfield></datafield><datafield ind1=" " ind2=" " tag="300"><subfield code="a">v.</subfield></datafield><datafield ind1=" " ind2=" " tag="310"><subfield code="a">Weekly</subfield></datafield><datafield ind1="0" ind2=" " tag="362"><subfield code="a">Vol. 3, no. 1 (Aug. 3, 1850)-v. 6, no. 21 (Dec. 31, 1853).</subfield></datafield><datafield ind1=" " ind2=" " tag="500"><subfield code="a">Subtitle: A jurnal ov nuz, siens, lituratur, educasun and reform.</subfield></datafield><datafield ind1=" " ind2=" " tag="500"><subfield code="a">Editors: Elias Longley, Servetus Longley, &lt;1851-1853&gt;.</subfield></datafield><datafield ind1=" " ind2=" " tag="546"><subfield code="a">Printed in phonotype and in regular type.</subfield></datafield><datafield ind1=" " ind2=" " tag="588"><subfield code="a">Description based on: Vol. 3, no. 10 (Oct. 5, 1850).</subfield></datafield><datafield ind1=" " ind2="0" tag="650"><subfield code="a">Spelling reform</subfield><subfield code="v">Newspapers.</subfield></datafield><datafield ind1=" " ind2="7" tag="655"><subfield code="a">Newspapers.</subfield><subfield code="2">fast</subfield><subfield code="0">(OCoLC)fst01423814</subfield></datafield><datafield ind1=" " ind2="7" tag="650"><subfield code="a">Spelling reform.</subfield><subfield code="2">fast</subfield><subfield code="0">(OCoLC)fst01129517</subfield></datafield><datafield ind1=" " ind2=" " tag="752"><subfield code="a">United States</subfield><subfield code="b">Ohio</subfield><subfield code="c">Hamilton</subfield><subfield code="d">Cincinnati.</subfield></datafield><datafield ind1="0" ind2="0" tag="785"><subfield code="t">Type of the times</subfield><subfield code="w">(OCoLC)8429701</subfield></datafield><datafield ind1=" " ind2=" " tag="936"><subfield code="a">Sept. 17, 1853</subfield></datafield><datafield ind1=" " ind2=" " tag="938"><subfield code="a">Kirtas Technologies, Inc.</subfield><subfield code="b">KRTS</subfield><subfield code="n">735922</subfield></datafield></record>